@misc{demaine2002tetrishardapproximate,
  title         = {Tetris is Hard, Even to Approximate},
  author        = {Erik D. Demaine and Susan Hohenberger and David Liben-Nowell},
  year          = {2002},
  eprint        = {cs/0210020},
  archiveprefix = {arXiv},
  primaryclass  = {cs.CC},
  url           = {https://arxiv.org/abs/cs/0210020}
}

 